%%%%%%%%%%%%%%%%%%%%%%%%%%%%%%%%%%%%%%%%%%%%%%%%%%%%%%%%%%%%%%
%%%%%                                                    %%%%%
%%%%%             CAPITOLO FLUIDODINAMICA                %%%%%
%%%%%                                                    %%%%%
%%%%%%%%%%%%%%%%%%%%%%%%%%%%%%%%%%%%%%%%%%%%%%%%%%%%%%%%%%%%%%

@article{thome2004engineering,
  title={Engineering data book III},
  author={Thome, John R},
  journal={Wolverine Tube Inc},
  year={2004},
}
@UNPUBLISHED{dimarcopaolo2006appunti,
    author = {Di Marco, Paolo},
    title  = {Appunti ed Esercizi di Fisica Tecnica e Macchine Termiche},
    note   = {L’equazione generalizzata di Bernoulli e la sua applicazione al calcolo dei condotti},
    chapter = {5},
    year   = {2006},
}
@UNPUBLISHED {giorgioquerzoli2006dispense,
    author = "Giorgio Querzoli",
    title  = "Dispense di Meccanica dei Fluidi",
    note   = "Università degli Studi di Cagliari, Facoltà di Ingegneria, Dipartimento di Ingegneria del Territorio",
    year   = "2006"
}
@book{dumas2009elementi,
  title={Elementi di fluidodinamica e termocinetica},
  author={Dumas, Antonio},
  year={2009},
  publisher={Societ{\`a} Editrice Esculapio}
}
@unpublished {guglielmini2004lezioni,
    author = {Guglielmini, G. and Milano, G.},
    title  = {Lezioni di Fisica Tecnica 1 per allievi ingegneri meccanici e navali},
    note   = {DITEC - Dipartimento di Termoenergetica e Condizionamento Ambientale , Universitù degli Studi di Genova,  A.A.: 2004/2005},
    year   = {2004},
}
@unpublished {leopardi2005resistenze,
    author = {Leopardi, Angelo},
    title  = {Le resistenze al moto. Note ad uso degli allievi dei corsi di Idraulica e Meccanica dei Fluidi},
    note   = {Università degli Studi di Cassino, Facoltà di Ingegneria},
    year   = {2005},
}
@unpublished {soldatilaboratorio,
    author = {Soldati, A.},
    title  = {Laboratorio Didattico di Fluidodinamica Multifase, Dispensa n.1},
    note   = {Corsi di Fluidodinamica, Impianti dell'Industria di Processo, Impianti Chimici, Ingegneria Chimica ed Ambientale. Università di Udine},
    %year   = {2005},
}
@article{griffith1984multiphase,
  title={Multiphase flow in pipes},
  author={Griffith, Peter and others},
  journal={Journal of petroleum technology},
  volume={36},
  number={03},
  pages={361--367},
  year={1984},
  publisher={Society of Petroleum Engineers}
}
@article{baker1954simultaneous,
  title={Simultaneous flow of oil and gas},
  author={Baker, O.},
  journal={Oil \& Gas Journal},
  volume={53},
  year={1954},
}
@article{taitel1976model,
  title={A model for predicting flow regime transitions in horizontal and near horizontal gas-liquid flow},
  author={Taitel, Yemada and Dukler, A. E.},
  journal={AIChE Journal},
  volume={22},
  number={1},
  pages={47--55},
  year={1976},
  publisher={Wiley Online Library}
}

%%%%%%%%%%%%%%%%%%%%%%%%%%%%%%%%%%%%%%%%%%%%%%%%%%%%%%%%%%%%%%
%%%%%                                                    %%%%%
%%%%%                  CAPITOLO FOAMER                   %%%%%
%%%%%                                                    %%%%%
%%%%%%%%%%%%%%%%%%%%%%%%%%%%%%%%%%%%%%%%%%%%%%%%%%%%%%%%%%%%%%

@article{simpson2006low,
  title={Low-pressure gas well deliquification requires different approaches},
  author={Simpson, David},
  journal={Oil \& gas journal},
  volume={104},
  number={8},
  pages={41--50},
  year={2006},
  publisher={PennWell Publishing Co. Energy Group, Tulsa, USA}
}
@inproceedings{nallaparaju2012prediction,
  title={Prediction of Liquid Loading in Gas wells},
  author={Nallaparaju, Yashaswini Devi and others},
  booktitle={SPE Annual Technical Conference and Exhibition},
  year={2012},
  organization={Society of Petroleum Engineers}
}
@book{lea2011gas,
  title={Gas well deliquification},
  author={Lea, James F and Nickens, Henry V and Wells, Mike},
  year={2011},
  publisher={Gulf Professional Publishing}
}
@book{schramm2000surfactants,
  title={Surfactants: fundamentals and applications in the petroleum industry},
  author={Schramm, Laurier L.},
  year={2000},
  pages = {3--22}.
  publisher={Cambridge University Press}
}
@book{schramm2006emulsions,
  title={Emulsions, foams, and suspensions: fundamentals and applications},
  author={Schramm, Laurier L},
  year={2006},
  publisher={John Wiley \& Sons}
}
@manual{wittfeld2015foam,
    author = {Wittfeld, C. and Vries, G. and Klompsma, D. and Jong, D. and Smeenk, R. and Ktisios, E. and Biezen,E.},
    title = {Foam Lifting Manual: Current Best Practices from the Land Asset},
    institution = {Nederlandse Aardolie Maatschappij},
    year = {2015},
}
@misc{artificial2015guidelines,
    author = {{Artificial Lift R\&D Council}},
    title = {Guidelines and Recommended Practices for Selection of Artificial Lift Systems for Deliquifying Gas Wells},
    urldate = {2015-07-16},
    url = {http://www.alrdc.com/recommendations/gas%20well%20deliquification/artificial%20lift%20selection/AL%20Selection%20Edited%20---%20Section%202.2%20---%20Selection%20Document.docx},
}
@MASTERSTHESIS {binli2009overview,
    author = "Özmen Binli",
    title  = "Overview of solutions to prevent liquid-loading problems in gas wells",
    school = {{Graduate School of Natural and Applied Sciences of Middle East Technical University}},
    pages ={3--43},
    year   = "2009",
}
@misc{taglialatelaformazione,
  title={Formazione del coning, studio mediante l'impiego della vasca elettrolitica},
  author={Giuseppe Avallone and Lucio Taglialatela},
 lea year={1979},
  publisher={Napoli, Giannini},
  journal={Fondazione Politecnica per il Mezzogiorno d'Italia},
  volume={quaderno n.126}
}
@article{verga2005meccanismi,
  title={Meccanismi di spinta e fenomeni di spiazzamento},
  author={Francesca Verga},
  journal={Enciclopedia degli Idrocarburi},
  volume={1},
  pages={509--525},
  year={2005}
}
@article{turner1969analysis,
  title={Analysis and prediction of minimum flow rate for the continuous removal of liquids from gas wells},
  author={Turner, RG and Hubbard, MG and Dukler, AE and others},
  journal={Journal of Petroleum Technology},
  volume={21},
  number={11},
  pages={1--475},
  year={1969},
  publisher={Society of Petroleum Engineers}
}
@inproceedings{nosseir1997new,
  title={A new approach for accurate prediction of loading in gas wells under different flowing conditions},
  author={Nosseir, MA and Darwich, TA and Sayyouh, MH and El Sallaly, M and others},
  booktitle={SPE Production Operations Symposium},
  year={1997},
  organization={Society of Petroleum Engineers}
}
@article{coleman1991new,
  title={A new look at predicting gas-well load-up},
  author={Coleman, Steve B and Clay, Hartley B and McCurdy, David G and Norris III, Lee H and others},
  journal={Journal of Petroleum Technology},
  volume={43},
  number={03},
  pages={329--333},
  year={1991},
  publisher={Society of Petroleum Engineers}
}
@inproceedings{li2001new,
  title={New view on continuous-removal liquids from gas wells},
  author={Li, Min and Lei, Sun and Li, Shilun and others},
  booktitle={SPE Permian Basin Oil and Gas Recovery Conference},
  year={2001},
  organization={Society of Petroleum Engineers}
}
@inproceedings{arachman2004liquid,
  title={Liquid unloading in a big bore completion: A comparison among gas lift, intermittent production, and installation of velocity string},
  author={Arachman, Fitrah and Singh, Kalwant and Forrest, James K and Purba, Monas O and others},
  booktitle={SPE Asia Pacific Oil and Gas Conference and Exhibition},
  year={2004},
  organization={Society of Petroleum Engineers}
}
@misc{international2014introduction,
  title={An Introduction to Coiled Tubing},
  author={{International Coiled Tubing Association} and others},
  year={2014}
}
@inproceedings{garner2009backside,
  title={Backside Auto-Injection System},
  author={Garner, Ted D and others},
  booktitle={SPE Production and Operations Symposium},
  year={2009},
  organization={Society of Petroleum Engineers}
}
@misc{weatherford2008brochure,
  title = {Plunger-Lift Systems 2008 Catalog},
  author = {{Weatherford International Ltd.}},
  url = {http://www.weatherford.com/doc/wft023135},
  urldate = {2015-08-03},
  year = {2008},
}
@inproceedings{stanculescu2015gwd,
  title={Gas Well Dewatering, Efforts in OMV Petrom Fields, Romania},
  author={Vasile Stanculescu and Laurentiu Niculeanu and Ionel Stoienica and Bogdan Iordanescu and George Puscalau},
  booktitle={7th European Gas Well Deliquification Conference \& Exhibition},
  year={2012},
  eventdate={2012-09-24/2012-09-26},
  location = {Groningen, Olanda},
  organization={{Artificial Lift R\&D Council}},
}
@inproceedings{oyewole2008artificial,
  title={Artificial-Lift Selection Strategy for the Life of a Gas Well With Some Liquid Production},
  author={Oyewole, Peter Olugboyega and Lea, James F and others},
  booktitle={SPE Annual Technical Conference and Exhibition},
  year={2008},
  organization={Society of Petroleum Engineers}
}
@inproceedings{campbell2001corrosion,
  title={Corrosion inhibition/foamer combination treatment to enhance gas production},
  author={Campbell, Samuel and Ramachandran, Sunder and Bartrip, Keith and others},
  booktitle={SPE Production and Operations Symposium},
  year={2001},
  organization={Society of Petroleum Engineers}
}
@book{attwood2012fasttrack,
  title={FASTtrack Physical Pharmacy},
  author={Attwood, David and Florence, Alexander T},
  year={2012},
  pages = {44--60}
  publisher={Pharmaceutical Press}
}
@book{farn2008chemistry,
  title={Chemistry and technology of surfactants},
  author={Farn, Richard J},
  year={2008},
  publisher={John Wiley \& Sons}
  pages = {1--26}
}